@misc{gentry-integer,
    author = {Marten van Dijk and Craig Gentry and Shai Halevi and Vinod Vaikuntanathan},
    title = {Fully Homomorphic Encryption over the Integers},
    howpublished = {Cryptology ePrint Archive, Report 2009/616},
    year = {2009},
    note = {http://eprint.iacr.org/},
}

@inproceedings{gentry-lattice,
 author = {Gentry, Craig},
 title = {Fully homomorphic encryption using ideal lattices},
 booktitle = {STOC '09: Proceedings of the 41st annual ACM symposium on Theory of computing},
 year = {2009},
 isbn = {978-1-60558-506-2},
 pages = {169--178},
 location = {Bethesda, MD, USA},
 doi = {http://doi.acm.org/10.1145/1536414.1536440},
 publisher = {ACM},
 address = {New York, NY, USA},
 }

@inproceedings{rad-priv,
    author = {Rivest, R. and Adleman, L. and Dertouzos, M.},
    citeulike-article-id = {3877157},
    journal = {Foundations of Secure Computation},
    keywords = {homomorphic\_cryptosystem},
    pages = {169--177},
    posted-at = {2009-01-12 12:37:28},
    priority = {1},
    publisher = {Academic Press},
    title = {On Data Banks and Privacy Homomorphisms},
    year = {1978}
}
